% This file was created with JabRef 2.10.
% Encoding: Cp1252


@Article{Surname2015,
  Title                    = {Article title},
  Author                   = {Surname, N.},
  Journal                  = {Journal title},
  Year                     = {2015},
  Number                   = {2},
  Pages                    = {1--10},
  Volume                   = {1}
}

@Article{Surname12015,
  Title                    = {Article title},
  Author                   = {Surname1, N1. and Surname2, N2.},
  Journal                  = {Conference title},
  Year                     = {2015},
  Number                   = {2},
  Pages                    = {1--10},
  Volume                   = {1}
}

@Book{Surname12015a,
  Title                    = {Book title},
  Author                   = {Surname1, N1. and Surname2, N2. and Surname3, N3.},
  Publisher                = {Publisher},
  Year                     = {2015}
}

