% This file was created with JabRef 2.10.
% Encoding: Cp1252

@misc{NOAA,
  title = {{NOAA Fisheries}, National Oceanic and Atmospheric Administration},
  howpublished = {\url{http://www.nmfs.noaa.gov/pr/species/mammals/whales/north-atlantic-right-whale.html}},
  note = {Accessed: 2015-12-02}
}

@misc{NOAARecovery,
  title = { Recovery plan for the North Atlantic Right Whale},
  howpublished = {\url{http://www.fisheries.noaa.gov/pr/pdfs/recovery/whale_right_northatlantic.pdfl}},
  note = {Accessed: 2015-12-02}
}
@misc{RLanguage,
  title = { R Website},
  howpublished = {\url{https://www.r-project.org/}},
  note = {Accessed: 2015-12-02}
}

@misc{H2O,
  title = { H20},
  authors = {0xData},
  howpublished = {\url{http://h2o.ai/}},
  note = {Accessed: 2015-12-02}
}

@misc{ImgMag,
  title = { ImageMagick},
  howpublished = {\url{http://www.imagemagick.org/script/index.php}},
  note = {Accessed: 2015-12-02}
}

@misc{EBI,
  title = { Image processing and analysis toolbox for R},
  authors = {Andrzej Oles, Gregoire Pau, Mike Smith, Oleg Sklyar, Wolfgang Huber, with contributions from Joseph Barry and Philip A. Marais},
  howpublished = {\url{https://www.bioconductor.org/packages/3.3/bioc/manuals/EBImage/man/EBImage.pdf}},
  note = {Accessed: 2015-12-02}
}

@misc{cclust,
  title = { Image processing and analysis toolbox for R},
  authors = {Evgenia Dimitriadou, Kurt Hornik},
  howpublished = {\url{https://cran.r-project.org/web/packages/cclust/cclust.pdf}},
  note = {Accessed: 2015-12-02}
}


