% This file was created with JabRef 2.10.
% Encoding: Cp1252

@misc{NOAA,
  title = {{NOAA Fisheries}, National Oceanic and Atmospheric Administration},
  howpublished = {\url{http://www.nmfs.noaa.gov/pr/species/mammals/whales/north-atlantic-right-whale.html}},
  note = {Accessed: 2015-12-02}
}

@misc{NOAARecovery,
  title = { Recovery plan for the North Atlantic Right Whale},
  howpublished = {\url{http://www.fisheries.noaa.gov/pr/pdfs/recovery/whale_right_northatlantic.pdfl}},
  note = {Accessed: 2015-12-02}
}